<?xml version="1.0" encoding="UTF-8"?><collection xmlns="http://www.loc.gov/MARC21/slim"><record><leader>00402nam--2200133-i-4500</leader><controlfield tag="001">000006909</controlfield><controlfield tag="002">20161230</controlfield><controlfield tag="005">20161230201027</controlfield><controlfield tag="008">060222s1000------------r-----000-0-eng-d</controlfield><datafield ind1=" " ind2=" " tag="020"><subfield code="a">157</subfield></datafield><datafield ind1=" " ind2=" " tag="100"><subfield code="a">Aalto ,E</subfield></datafield><datafield ind1=" " ind2=" " tag="245"><subfield code="a">Nilsson, r</subfield></datafield><datafield ind1=" " ind2=" " tag="260"><subfield code="a">Measurements Of Neutron And Gamma Attenuation In Masive Laminated Shields Of Concrete And A Study Of The Accuracy Of Some Methods Of Calculations</subfield></datafield><datafield ind1=" " ind2=" " tag="490"><subfield code="a">Ae</subfield></datafield></record></collection>